@MISC{census,
    HOWPUBLISHED = "\url{https://www.statcan.gc.ca/en/census-agriculture}",
    AUTHOR = {Statistics Canada},
    TITLE = "Census of Agriculture",
    MONTH = "Dec",
    YEAR = "2021",
    NOTE = "Accessed on 2023-12-11"
}

@MISC{ogp,
    AUTHOR = {Government of Canada},
    HOWPUBLISHED = "\url{https://open.canada.ca/}",
    TITLE = "Open Government Portal",
    YEAR = "2023",
    NOTE = "Accessed on 2023-12-11"
}

@MISC{spac_wiki,
    AUTHOR = {Wikipedia},
    HOWPUBLISHED = "\url{https://en.wikipedia.org/wiki/Spatial_analysis#Spatial_auto-correlation}",
    TITLE = "Spatial Analysis",
    YEAR = "2024",
    NOTE = "Accessed on 2024-04-13"
}

@MISC{pandas,
    HOWPUBLISHED = "\url{https://pandas.pydata.org/pandas-docs/stable/index.html}",
    AUTHOR = "NumFOCUS",
    TITLE = "pandas",
    YEAR = "2023",
    NOTE = "Accessed on 2023-12-11"
}
